@article{lu2021deepxde,
  title     = {DeepXDE: A deep learning library for solving differential equations},
  author    = {Lu, Lu and Meng, Xuhui and Mao, Zhiping and Karniadakis, George Em},
  journal   = {SIAM review},
  volume    = {63},
  number    = {1},
  pages     = {208--228},
  year      = {2021},
  publisher = {SIAM}
}